<record><leader>00000cas a22000007a 4500</leader><controlfield tag="001">34506193</controlfield><controlfield tag="008">960403c19939999mauer ne      0    0rus d</controlfield><datafield ind1=" " ind2=" " tag="010"><subfield code="a">sn 95068523 </subfield></datafield><datafield ind1=" " ind2=" " tag="040"><subfield code="a">MGN</subfield><subfield code="b">eng</subfield><subfield code="c">MGN</subfield><subfield code="d">OCL</subfield><subfield code="d">OCLCQ</subfield><subfield code="d">OCLCF</subfield><subfield code="d">OCLCO</subfield></datafield><datafield ind1="1" ind2=" " tag="029"><subfield code="a">AU@</subfield><subfield code="b">000012364230</subfield></datafield><datafield ind1=" " ind2=" " tag="042"><subfield code="a">msc</subfield></datafield><datafield ind1=" " ind2=" " tag="043"><subfield code="a">n-us-ma</subfield></datafield><datafield ind1="0" ind2="0" tag="245"><subfield code="a">Bostonskii&#774; kur&#697;er =</subfield><subfield code="b">Boston courier.</subfield></datafield><datafield ind1="3" ind2="1" tag="246"><subfield code="a">Boston courier</subfield></datafield><datafield ind1=" " ind2=" " tag="260"><subfield code="a">Brookline, MA :</subfield><subfield code="b">Info Travel,</subfield><subfield code="c">1993-</subfield></datafield><datafield ind1=" " ind2=" " tag="300"><subfield code="a">v.</subfield></datafield><datafield ind1=" " ind2=" " tag="310"><subfield code="a">Biweekly,</subfield><subfield code="b">&lt;22 mart. 1994-</subfield></datafield><datafield ind1=" " ind2=" " tag="321"><subfield code="a">Weekly,</subfield><subfield code="b">&lt;13-31 avg. 1993&gt;</subfield></datafield><datafield ind1="1" ind2=" " tag="362"><subfield code="a">Began Aug. 6, 1993?</subfield></datafield><datafield ind1=" " ind2=" " tag="500"><subfield code="a">Publisher: Sergei Alievsky.</subfield></datafield><datafield ind1=" " ind2=" " tag="546"><subfield code="a">In Russian.</subfield></datafield><datafield ind1=" " ind2=" " tag="588"><subfield code="a">Description based on: Vol. 1, no. 2 (13 avg. 1993).</subfield></datafield><datafield ind1=" " ind2="0" tag="650"><subfield code="a">Russians</subfield><subfield code="z">Massachusetts</subfield><subfield code="v">Newspapers.</subfield></datafield><datafield ind1=" " ind2="0" tag="650"><subfield code="a">Jewish newspapers</subfield><subfield code="z">Massachusetts.</subfield></datafield><datafield ind1=" " ind2="7" tag="655"><subfield code="a">Newspapers.</subfield><subfield code="2">fast</subfield><subfield code="0">(OCoLC)fst01423814</subfield></datafield><datafield ind1=" " ind2="7" tag="650"><subfield code="a">Jewish newspapers.</subfield><subfield code="2">fast</subfield><subfield code="0">(OCoLC)fst00982872</subfield></datafield><datafield ind1=" " ind2="7" tag="650"><subfield code="a">Russians.</subfield><subfield code="2">fast</subfield><subfield code="0">(OCoLC)fst01102429</subfield></datafield><datafield ind1=" " ind2="7" tag="651"><subfield code="a">Massachusetts.</subfield><subfield code="2">fast</subfield><subfield code="0">(OCoLC)fst01204307</subfield></datafield><datafield ind1=" " ind2=" " tag="752"><subfield code="a">United States</subfield><subfield code="b">Massachusetts</subfield><subfield code="c">Norfolk</subfield><subfield code="d">Brookline.</subfield></datafield></record>